@article{jones2000implementing,
  title={Implementing functional languages: a tutorial},
  author={Jones, Simon L Peyton and Lester, David R},
  journal={Department of Computer Science, University of Glasgow},
  year={2000}
}

@inproceedings{hudak2007history,
  title={A history of Haskell: being lazy with class},
  author={Hudak, Paul and Hughes, John and Peyton Jones, Simon and Wadler, Philip},
  booktitle={Proceedings of the third ACM SIGPLAN conference on History of programming languages},
  pages={12--1},
  year={2007}
}

@article{jones1992implementing,
  title={Implementing lazy functional languages on stock hardware: the Spineless Tagless G-machine},
  author={Jones, Simon L Peyton},
  journal={Journal of functional programming},
  volume={2},
  number={2},
  pages={127--202},
  year={1992},
  publisher={Cambridge University Press}
}
